@article{attention-allocation,
	title = "Attention allocation: Relationships to general working memory or specific language processing ",
	journal = "Journal of Experimental Child Psychology ",
	volume = "139",
	number = "0",
	pages = "83 - 98",
	year = "2015",
	note = "",
	issn = "0022-0965",
	doi = "http://dx.doi.org/10.1016/j.jecp.2015.06.002",
	url = "http://www.sciencedirect.com/science/article/pii/S0022096515001447",
	author = "Lisa M.D. Archibald and Tyler Levee and Thomas Olino",
	keywords = "Selective attention",
	keywords = "Working memory",
	keywords = "Updating",
	keywords = "Central executive",
	keywords = "Executive attention",
	keywords = "Language processing",
	keywords = "Specific language impairment "
}
@article{preferences-study,
  author={Sheena Luu and Tom Chau},
  title={Decoding subjective preference from single-trial near-infrared spectroscopy signals},
  journal={Journal of Neural Engineering},
  volume={6},
  number={1},
  pages={016003},
  url={http://stacks.iop.org/1741-2552/6/i=1/a=016003},
  year={2009},
  abstract={Near-infrared spectroscopy (NIRS) has recently been identified as a safe, portable and relatively low-cost signal acquisition tool for non-invasive brainâ€“computer interface (BCI) development. The ultimate goal of BCI research is for the user to be able to communicate functional intent directly through thoughts. In this paper we propose an NIRS-BCI paradigm based on directly decoding neural correlates of decision making, specifically subjective preference evaluation. Nine subjects were asked to mentally evaluate two possible drinks and decide which they preferred. Frequency domain near-infrared spectroscopy was used to image each subject's prefrontal cortex during the task. Using mean signal amplitudes as features and linear discriminant analysis, we were able to decode which drink was preferred on a single-trial basis with an average accuracy of 80%.}
}
@article{Balconi201567,
title = "What hemodynamic (fNIRS), electrophysiological (EEG) and autonomic integrated measures can tell us about emotional processing ",
journal = "Brain and Cognition ",
volume = "95",
number = "",
pages = "67 - 76",
year = "2015",
note = "",
issn = "0278-2626",
doi = "http://dx.doi.org/10.1016/j.bandc.2015.02.001",
url = "http://www.sciencedirect.com/science/article/pii/S0278262615000159",
author = "Michela Balconi and Elisabetta Grippa and Maria Elide Vanutelli",
keywords = "Emotion",
keywords = "fNIRS",
keywords = "Frequency band",
keywords = "SCR",
keywords = "HR",
keywords = "Appraisal",
keywords = "Multimeasure "
}
@article{Haeussinger201469,
title = "Reconstructing functional near-infrared spectroscopy (fNIRS) signals impaired by extra-cranial confounds: An easy-to-use filter method ",
journal = "NeuroImage ",
volume = "95",
number = "",
pages = "69 - 79",
year = "2014",
note = "",
issn = "1053-8119",
doi = "http://dx.doi.org/10.1016/j.neuroimage.2014.02.035",
url = "http://www.sciencedirect.com/science/article/pii/S1053811914001645",
author = "F.B. Haeussinger and T. Dresler and S. Heinzel and M. Schecklmann and A.J. Fallgatter and A.-C. Ehlis",
keywords = "Functional near-infrared spectroscopy (fNIRS)",
keywords = "Skin blood flow",
keywords = "Filter method",
keywords = "Extra-cranial fMRI",
keywords = "Simultaneous fNIRS fMRI",
keywords = "Working memory "
}
@article{Beurskens2014122,
title = "Age-related changes in prefrontal activity during walking in dual-task situations: A fNIRS study ",
journal = "International Journal of Psychophysiology ",
volume = "92",
number = "3",
pages = "122 - 128",
year = "2014",
note = "",
issn = "0167-8760",
doi = "http://dx.doi.org/10.1016/j.ijpsycho.2014.03.005",
url = "http://www.sciencedirect.com/science/article/pii/S0167876014000749",
author = "Rainer Beurskens and Ingo Helmich and Robert Rein and Otmar Bock",
keywords = "fNIRS",
keywords = "Aging",
keywords = "Locomotion",
keywords = "Neural activation",
keywords = "Executive function",
keywords = "Dual-task walking "
}
@article{Heinzel2013125,
title = "Variability of (functional) hemodynamics as measured with simultaneous fNIRS and fMRI during intertemporal choice ",
journal = "NeuroImage ",
volume = "71",
number = "",
pages = "125 - 134",
year = "2013",
note = "",
issn = "1053-8119",
doi = "http://dx.doi.org/10.1016/j.neuroimage.2012.12.074",
url = "http://www.sciencedirect.com/science/article/pii/S105381191300013X",
author = "Sebastian Heinzel and Florian B. Haeussinger and Tim Hahn and Ann-Christine Ehlis and Michael M. Plichta and Andreas J. Fallgatter",
keywords = "Functional near-infrared spectroscopy (fNIRS)",
keywords = "Anatomy",
keywords = "Intertemporal choice",
keywords = "Trait sensitivity to reward",
keywords = "Prefrontal cortex "
}
@article{Funane2014150,
title = "Quantitative evaluation of deep and shallow tissue layers' contribution to fNIRS signal using multi-distance optodes and independent component analysis ",
journal = "NeuroImage ",
volume = "85, Part 1",
number = "",
pages = "150 - 165",
year = "2014",
note = "Celebrating 20 Years of Functional Near Infrared Spectroscopy (fNIRS) ",
issn = "1053-8119",
doi = "http://dx.doi.org/10.1016/j.neuroimage.2013.02.026",
url = "http://www.sciencedirect.com/science/article/pii/S1053811913001535",
author = "Tsukasa Funane and Hirokazu Atsumori and Takusige Katura and Akiko N. Obata and Hiroki Sato and Yukari Tanikawa and Eiji Okada and Masashi Kiguchi",
keywords = "Functional near-infrared spectroscopy (fNIRS)",
keywords = "Brain activity measurement",
keywords = "Scalp (skin) blood flow",
keywords = "Multi-distance optodes",
keywords = "Independent component analysis (ICA)",
keywords = "Verbal fluency task (VFT) "
}
@article{Perlman2014326,
title = "fNIRS evidence of prefrontal regulation of frustration in early childhood ",
journal = "NeuroImage ",
volume = "85, Part 1",
number = "",
pages = "326 - 334",
year = "2014",
note = "Celebrating 20 Years of Functional Near Infrared Spectroscopy (fNIRS) ",
issn = "1053-8119",
doi = "http://dx.doi.org/10.1016/j.neuroimage.2013.04.057",
url = "http://www.sciencedirect.com/science/article/pii/S1053811913004047",
author = "Susan B. Perlman and Beatriz Luna and Tyler C. Hein and Theodore J. Huppert",
keywords = "Frustration",
keywords = "Emotion regulation",
keywords = "fNIRS",
keywords = "Development",
keywords = "Early childhood",
keywords = "Prefrontal cortex "
}
@article{Fu2014363,
title = "The neural correlates of the face attractiveness aftereffect: A functional near-infrared spectroscopy (fNIRS) study ",
journal = "NeuroImage ",
volume = "85, Part 1",
number = "",
pages = "363 - 371",
year = "2014",
note = "Celebrating 20 Years of Functional Near Infrared Spectroscopy (fNIRS) ",
issn = "1053-8119",
doi = "http://dx.doi.org/10.1016/j.neuroimage.2013.04.092",
url = "http://www.sciencedirect.com/science/article/pii/S1053811913004515",
author = "Genyue Fu and Catherine J. Mondloch and Xiao Pan Ding and Lindsey A. Short and Liping Sun and Kang Lee",
keywords = "Face processing",
keywords = "Face perception",
keywords = "fNIRS",
keywords = "Attractiveness aftereffects",
keywords = "Norm-based "
}
@article{Scarpa2013106,
title = "A reference-channel based methodology to improve estimation of event-related hemodynamic response from fNIRS measurements ",
journal = "NeuroImage ",
volume = "72",
number = "",
pages = "106 - 119",
year = "2013",
note = "",
issn = "1053-8119",
doi = "http://dx.doi.org/10.1016/j.neuroimage.2013.01.021",
url = "http://www.sciencedirect.com/science/article/pii/S1053811913000682",
author = "Fabio Scarpa and Sabrina Brigadoi and Simone Cutini and Pietro Scatturin and Marco Zorzi and Roberto Dell'Acqua and Giovanni Sparacino",
keywords = "fNIRS",
keywords = "Near-infrared spectroscopy",
keywords = "Reference-channel",
keywords = "Bayesian filtering",
keywords = "Physiological noise "
}
@article{Tak201472,
title = "Statistical analysis of fNIRS data: A comprehensive review ",
journal = "NeuroImage ",
volume = "85, Part 1",
number = "",
pages = "72 - 91",
year = "2014",
note = "Celebrating 20 Years of Functional Near Infrared Spectroscopy (fNIRS) ",
issn = "1053-8119",
doi = "http://dx.doi.org/10.1016/j.neuroimage.2013.06.016",
url = "http://www.sciencedirect.com/science/article/pii/S1053811913006538",
author = "Sungho Tak and Jong Chul Ye",
keywords = "fNIRS",
keywords = "t-Test",
keywords = "Correlation analysis",
keywords = "Spectral analysis",
keywords = "GLM",
keywords = "Statistical parameter mapping",
keywords = "Multi-level analysis",
keywords = "Group analysis",
keywords = "Multiple comparison",
keywords = "Data-driven analysis "
}
@article{Herrmann2015129,
title = "Serotonin transporter polymorphism modulates neural correlates of real-life joint action. An investigation with functional near-infrared spectroscopy (fNIRS) ",
journal = "Neuroscience ",
volume = "292",
number = "",
pages = "129 - 136",
year = "2015",
note = "",
issn = "0306-4522",
doi = "http://dx.doi.org/10.1016/j.neuroscience.2015.02.030",
url = "http://www.sciencedirect.com/science/article/pii/S0306452215001827",
author = "M.J. Herrmann and J. Bogon and S. Quester and A. Cordes and P. Stenneken and A. Reif and A.-C. Ehlis",
keywords = "NIRS",
keywords = "joint-action",
keywords = "5-HTTLPR "
}
@article{Chiarelli2015128,
title = "A kurtosis-based wavelet algorithm for motion artifact correction of fNIRS data ",
journal = "NeuroImage ",
volume = "112",
number = "",
pages = "128 - 137",
year = "2015",
note = "",
issn = "1053-8119",
doi = "http://dx.doi.org/10.1016/j.neuroimage.2015.02.057",
url = "http://www.sciencedirect.com/science/article/pii/S1053811915001585",
author = "Antonio M. Chiarelli and Edward L. Maclin and Monica Fabiani and Gabriele Gratton",
keywords = "Functional Near-Infrared Spectroscopy (fNIRS)",
keywords = "Motion artifacts",
keywords = "Wavelet filtering",
keywords = "Kurtosis "
}
@article{HemmatiBerivanlou201413,
title = "Evoked hemodynamic response estimation using ensemble empirical mode decomposition based adaptive algorithm applied to dual channel functional near infrared spectroscopy (fNIRS) ",
journal = "Journal of Neuroscience Methods ",
volume = "224",
number = "",
pages = "13 - 25",
year = "2014",
note = "",
issn = "0165-0270",
doi = "http://dx.doi.org/10.1016/j.jneumeth.2013.12.007",
url = "http://www.sciencedirect.com/science/article/pii/S016502701300424X",
author = "Nima Hemmati Berivanlou and Seyed Kamaledin Setarehdan and Hossein Ahmadi Noubari",
keywords = "Functional near infrared spectroscopy (fNIRS)",
keywords = "Evoked hemodynamic response (EHR)",
keywords = "Systemic interference",
keywords = "Ensemble empirical mode decomposition (EEMD)",
keywords = "Adaptive filters "
}
@article{Schaeffer2014308,
title = "An fNIRS investigation of associative recognition in the prefrontal cortex with a rapid event-related design ",
journal = "Journal of Neuroscience Methods ",
volume = "235",
number = "",
pages = "308 - 315",
year = "2014",
note = "",
issn = "0165-0270",
doi = "http://dx.doi.org/10.1016/j.jneumeth.2014.07.011",
url = "http://www.sciencedirect.com/science/article/pii/S0165027014002623",
author = "James D. Schaeffer and Amarnath S. Yennu and Kellen C. Gandy and Fenghua Tian and Hanli Liu and Heekyeong Park",
keywords = "fNIRS",
keywords = "Cognition",
keywords = "Associative memory",
keywords = "Event-related design "
}
@article{Cui201537,
title = "Sensitivity of fNIRS measurement to head motion: An applied use of smartphones in the lab ",
journal = "Journal of Neuroscience Methods ",
volume = "245",
number = "",
pages = "37 - 43",
year = "2015",
note = "",
issn = "0165-0270",
doi = "http://dx.doi.org/10.1016/j.jneumeth.2015.02.006",
url = "http://www.sciencedirect.com/science/article/pii/S0165027015000588",
author = "Xu Cui and Joseph M. Baker and Ning Liu and Allan L. Reiss",
keywords = "Near-infrared spectroscopy",
keywords = "fNIRS",
keywords = "Smartphone",
keywords = "Technology",
keywords = "Neuroimaging",
keywords = "Accelerometer "
}
@article{LagueBeauvais20151,
title = "Shedding light on the effect of priority instructions during dual-task performance in younger and older adults: A fNIRS study ",
journal = "Brain and Cognition ",
volume = "98",
number = "",
pages = "1 - 14",
year = "2015",
note = "",
issn = "0278-2626",
doi = "http://dx.doi.org/10.1016/j.bandc.2015.05.001",
url = "http://www.sciencedirect.com/science/article/pii/S0278262615000512",
author = "Maude LaguÃ«-Beauvais and Sarah A. Fraser and Laurence Desjardins-CrÃ©peau and Nathalie Castonguay and MichÃ¨le Desjardins and FrÃ©dÃ©ric Lesage and Louis Bherer",
keywords = "Prefrontal cortex",
keywords = "Executive functions",
keywords = "Dual-task",
keywords = "Aging",
keywords = "Neuroimaging",
keywords = "fNIRS "
}
@article{owen1997cognitive,
  title={Cognitive planning in humans: neuropsychological, neuroanatomical and neuropharmacological perspectives},
  author={Owen, Adrian M},
  journal={Progress in neurobiology},
  volume={53},
  number={4},
  pages={431--450},
  year={1997},
  publisher={Elsevier}
}
@article{collet2014measuring,
  title={Measuring workload with electrodermal activity during common braking actions},
  author={Collet, C and Salvia, E and Petit-Boulanger, C},
  journal={Ergonomics},
  volume={57},
  number={6},
  pages={886--896},
  year={2014},
  publisher={Taylor \& Francis}
}
@article{rasmussen2013reality,
  title={The reality of the past versus the ideality of the future: emotional valence and functional differences between past and future mental time travel},
  author={Rasmussen, Anne S and Berntsen, Dorthe},
  journal={Memory \& cognition},
  volume={41},
  number={2},
  pages={187--200},
  year={2013},
  publisher={Springer}
}
@inproceedings{heger2013continuous,
  title={Continuous recognition of affective states by functional near infrared spectroscopy signals},
  author={Heger, Dominic and Mutter, Reinhard and Herff, Christian and Putze, Felix and Schultz, Tanja},
  booktitle={Affective Computing and Intelligent Interaction (ACII), 2013 Humaine Association Conference on},
  pages={832--837},
  year={2013},
  organization={IEEE}
}
@article{gill2006task,
  title={Task complexity and informing science: A synthesis},
  author={Gill, T Grandon and Hicks, Richard C},
  journal={Informing Science},
  volume={9},
  pages={1},
  year={2006},
  publisher={Informing Science Institute}
}
@article{luu2009decoding,
  title={Decoding subjective preference from single-trial near-infrared spectroscopy signals},
  author={Luu, Sheena and Chau, Tom},
  journal={Journal of neural engineering},
  volume={6},
  number={1},
  pages={016003},
  year={2009},
  publisher={IOP Publishing}
}
@article{lavie2004load,
  title={Load theory of selective attention and cognitive control.},
  author={Lavie, Nilli and Hirst, Aleksandra and De Fockert, Jan W and Viding, Essi},
  journal={Journal of Experimental Psychology: General},
  volume={133},
  number={3},
  pages={339},
  year={2004},
  publisher={American Psychological Association}
}
@article{wood1987task,
  title={Task complexity as a moderator of goal effects: a meta-analysis.},
  author={Wood, Robert E and Mento, Anthony J and Locke, Edwin A},
  journal={Journal of applied psychology},
  volume={72},
  number={3},
  pages={416},
  year={1987},
  publisher={American Psychological Association}
}
@article{wang2014eye,
  title={An eye-tracking study of website complexity from cognitive load perspective},
  author={Wang, Qiuzhen and Yang, Sa and Liu, Manlu and Cao, Zike and Ma, Qingguo},
  journal={Decision support systems},
  volume={62},
  pages={1--10},
  year={2014},
  publisher={Elsevier}
}
@incollection{buettner2015investigation,
  title={Investigation of the Relationship Between Visual Website Complexity and Usersâ€™ Mental Workload: A NeuroIS Perspective},
  author={Buettner, Ricardo},
  booktitle={Information Systems and Neuroscience},
  pages={123--128},
  year={2015},
  publisher={Springer}
}
@book{davis2015information,
  title={Information Systems and Neuroscience: Gmunden Retreat on NeuroIS 2015},
  author={Davis, Fred D and Riedl, Rene and vom Brocke, Jan and L{\'e}ger, Pierre-Majorique and Randolph, Adriane},
  volume={10},
  year={2015},
  publisher={Springer}
}
@article{kosslyn1985graphics,
  title={Graphics and human information processing: a review of five books},
  author={Kosslyn, Stephen M},
  journal={Journal of the American Statistical Association},
  volume={80},
  number={391},
  pages={499--512},
  year={1985},
  publisher={Taylor \& Francis}
}
@article{davidson1992emotion,
  title={Emotion and affective style: Hemispheric substrates},
  author={Davidson, Richard J},
  journal={Psychological science},
  volume={3},
  number={1},
  pages={39--43},
  year={1992},
  publisher={SAGE Publications}
}
@article{sato2014replication,
  title={Replication of the correlation between natural mood states and working memory-related prefrontal activity measured by near-infrared spectroscopy in a German sample},
  author={Sato, Hiroki and Dresler, Thomas and Haeussinger, Florian B and Fallgatter, Andreas J and Ehlis, Ann-Christine},
  journal={Frontiers in human neuroscience},
  volume={8},
  year={2014},
  publisher={Frontiers Media SA}
}
@article{russell2003core,
  title={Core affect and the psychological construction of emotion.},
  author={Russell, James A},
  journal={Psychological review},
  volume={110},
  number={1},
  pages={145},
  year={2003},
  publisher={American Psychological Association}
}
@inproceedings{peck2013using,
  title={Using fNIRS brain sensing to evaluate information visualization interfaces},
  author={Peck, Evan M M and Yuksel, Beste F and Ottley, Alvitta and Jacob, Robert JK and Chang, Remco},
  booktitle={Proceedings of the SIGCHI Conference on Human Factors in Computing Systems},
  pages={473--482},
  year={2013},
  organization={ACM}
}
@inproceedings{bhutta2013classification,
  title={Classification of fNIRS signals for deception decoding using LDA and SVM},
  author={Bhutta, M Raheel and Hong, Keum-Shik},
  booktitle={Control, Automation and Systems (ICCAS), 2013 13th International Conference on},
  pages={1776--1780},
  year={2013},
  organization={IEEE}
}
@article{wang2014eye,
  title={An eye-tracking study of website complexity from cognitive load perspective},
  author={Wang, Qiuzhen and Yang, Sa and Liu, Manlu and Cao, Zike and Ma, Qingguo},
  journal={Decision support systems},
  volume={62},
  pages={1--10},
  year={2014},
  publisher={Elsevier}
}
@article{leon2007lasting,
  title={A lasting post-stimulus activation on dorsolateral prefrontal cortex is produced when processing valence and arousal in visual affective stimuli},
  author={Le{\'o}n-Carri{\'o}n, Jose and Mart{\'\i}n-Rodr{\'\i}guez, Juan Francisco and Damas-L{\'o}pez, Jes{\'u}s and Pourrezai, Kambiz and Izzetoglu, Kurtulus and y Martin, Juan Manuel Barroso and Dom{\'\i}nguez-Morales, Mar{\'\i}a Rosario},
  journal={Neuroscience letters},
  volume={422},
  number={3},
  pages={147--152},
  year={2007},
  publisher={Elsevier}
}
@article{plichta2006event,
  title={Event-related functional near-infrared spectroscopy (fNIRS): are the measurements reliable?},
  author={Plichta, MM and Herrmann, MJ and Baehne, CG and Ehlis, A-C and Richter, MM and Pauli, P and Fallgatter, AJ},
  journal={Neuroimage},
  volume={31},
  number={1},
  pages={116--124},
  year={2006},
  publisher={Elsevier}
}
@article{plichta2007event,
  title={Event-related functional near-infrared spectroscopy (fNIRS) based on craniocerebral correlations: Reproducibility of activation?},
  author={Plichta, MM and Herrmann, MJ and Baehne, CG and Ehlis, A-C and Richter, MM and Pauli, P and Fallgatter, AJ},
  journal={Human brain mapping},
  volume={28},
  number={8},
  pages={733--741},
  year={2007},
  publisher={Wiley Online Library}
}
@article{brattico2011functional,
  title={A functional MRI study of happy and sad emotions in music with and without lyrics},
  author={Brattico, Elvira and Alluri, Vinoo and Bogert, Brigitte and Jacobsen, Thomas and Vartiainen, Nuutti and Nieminen, Sirke and Tervaniemi, Mari},
  journal={Frontiers in psychology},
  volume={2},
  year={2011},
  publisher={Frontiers Media SA}
}
@article{hoshi2011recognition,
  title={Recognition of human emotions from cerebral blood flow changes in the frontal region: a study with event-related near-infrared spectroscopy},
  author={Hoshi, Yoko and Huang, Jinghua and Kohri, Shunji and Iguchi, Yoshinobu and Naya, Masayuki and Okamoto, Takahiro and Ono, Shuji},
  journal={Journal of Neuroimaging},
  volume={21},
  number={2},
  pages={e94--e101},
  year={2011},
  publisher={Wiley Online Library}
}
@incollection{girouard2010brain,
  title={From brain signals to adaptive interfaces: using fNIRS in HCI},
  author={Girouard, Audrey and Solovey, Erin Treacy and Hirshfield, Leanne M and Peck, Evan M and Chauncey, Krysta and Sassaroli, Angelo and Fantini, Sergio and Jacob, Robert JK},
  booktitle={Brain-Computer Interfaces},
  pages={221--237},
  year={2010},
  publisher={Springer}
}
@article{kong2013space,
  title={Space--valence associations depend on handedness: evidence from a bimanual output task},
  author={Kong, Feng},
  journal={Psychological research},
  volume={77},
  number={6},
  pages={773--779},
  year={2013},
  publisher={Springer}
}
@article{root2006left,
  title={Left hemisphere specialization for response to positive emotional expressions: A divided output methodology.},
  author={Root, James C and Wong, Philip S and Kinsbourne, Marcel},
  journal={Emotion},
  volume={6},
  number={3},
  pages={473},
  year={2006},
  publisher={American Psychological Association}
}
@inproceedings{valtchanov2015enviropulse,
  title={EnviroPulse: Providing Feedback about the Expected Affective Valence of the Environment},
  author={Valtchanov, Deltcho and Hancock, Mark},
  booktitle={Proceedings of the 33rd Annual ACM Conference on Human Factors in Computing Systems},
  pages={2073--2082},
  year={2015},
  organization={ACM}
}
@article{gong2015enhanced,
  title={Enhanced functional connectivity and increased gray matter volume of insula related to action video game playing},
  author={Gong, Diankun and He, Hui and Liu, Dongbo and Ma, Weiyi and Dong, Li and Luo, Cheng and Yao, Dezhong},
  journal={Scientific reports},
  volume={5},
  year={2015},
  publisher={Nature Publishing Group}
}
@article{naseer2015fnirs,
  title={fNIRS-based brain-computer interfaces: a review},
  author={Naseer, Noman and Hong, Keum-Shik},
  journal={Frontiers in human neuroscience},
  volume={9},
  year={2015},
  publisher={Frontiers Media SA}
}
@article{miller2001integrative,
  title={An integrative theory of prefrontal cortex function},
  author={Miller, Earl K and Cohen, Jonathan D},
  journal={Annual review of neuroscience},
  volume={24},
  number={1},
  pages={167--202},
  year={2001},
  publisher={Annual Reviews 4139 El Camino Way, PO Box 10139, Palo Alto, CA 94303-0139, USA}
}
@book{eysenck2000cognitive,
  title={Cognitive psychology: A student's handbook},
  author={Eysenck, Michael W and Keane, Mark T},
  year={2000},
  publisher={Taylor \& Francis}
}
@article{alvarado1997arousal,
  title={Arousal and valence in the direct scaling of emotional response to film clips},
  author={Alvarado, Nancy},
  journal={Motivation and Emotion},
  volume={21},
  number={4},
  pages={323--348},
  year={1997},
  publisher={Springer}
}
@article{wickenshollands1999,
  title={Engineering psychology and human performance},
  author={Hollands, Justin G and Wickens, Christopher D},
  journal={Journal of surgical oncology},
  year={1999}
}
@book{wickens1992engineering,
  title={Engineering psychology and human performance .},
  author={Wickens, Christopher D},
  year={1992},
  publisher={HarperCollins Publishers}
}
@article{anderson2004integrated,
  title={An integrated theory of the mind.},
  author={Anderson, John R and Bothell, Daniel and Byrne, Michael D and Douglass, Scott and Lebiere, Christian and Qin, Yulin},
  journal={Psychological review},
  volume={111},
  number={4},
  pages={1036},
  year={2004},
  publisher={American Psychological Association}
}
@article{anderson1996act,
  title={ACT: A simple theory of complex cognition.},
  author={Anderson, John R},
  journal={American Psychologist},
  volume={51},
  number={4},
  pages={355},
  year={1996},
  publisher={American Psychological Association}
}
@article{gobet2001chunking,
  title={Chunking mechanisms in human learning},
  author={Gobet, Fernand and Lane, Peter CR and Croker, Steve and Cheng, Peter CH and Jones, Gary and Oliver, Iain and Pine, Julian M},
  journal={Trends in cognitive sciences},
  volume={5},
  number={6},
  pages={236--243},
  year={2001},
  publisher={Elsevier}
}
@article{bhandari2014goal,
  title={Goal neglect and knowledge chunking in the construction of novel behaviour},
  author={Bhandari, Apoorva and Duncan, John},
  journal={Cognition},
  volume={130},
  number={1},
  pages={11--30},
  year={2014},
  publisher={Elsevier}
}
@article{black1979episodes,
  title={Episodes as chunks in narrative memory},
  author={Black, John B and Bower, Gordon H},
  journal={Journal of Verbal Learning and Verbal Behavior},
  volume={18},
  number={3},
  pages={309--318},
  year={1979},
  publisher={Elsevier}
}
@article{lavie2005distracted,
  title={Distracted and confused?: Selective attention under load},
  author={Lavie, Nilli},
  journal={Trends in cognitive sciences},
  volume={9},
  number={2},
  pages={75--82},
  year={2005},
  publisher={Elsevier}
}
@inproceedings{landay1993user,
  title={User interface issues in mobile computing},
  author={Landay, James and Kaufmann, Todd R and others},
  booktitle={Workstation Operating Systems, 1993. Proceedings., Fourth Workshop on},
  pages={40--47},
  year={1993},
  organization={IEEE}
}
@article{ochsner2005cognitive,
  title={The cognitive control of emotion},
  author={Ochsner, Kevin N and Gross, James J},
  journal={Trends in cognitive sciences},
  volume={9},
  number={5},
  pages={242--249},
  year={2005},
  publisher={Elsevier}
}
@article{ochsner2012functional,
  title={Functional imaging studies of emotion regulation: a synthetic review and evolving model of the cognitive control of emotion},
  author={Ochsner, Kevin N and Silvers, Jennifer A and Buhle, Jason T},
  journal={Annals of the New York Academy of Sciences},
  volume={1251},
  number={1},
  pages={E1--E24},
  year={2012},
  publisher={Wiley Online Library}
}
@article{koch2007gender,
  title={Gender differences in the cognitive control of emotion: An fMRI study},
  author={Koch, Kathrin and Pauly, Katharina and Kellermann, Thilo and Seiferth, Nina Y and Reske, Martina and Backes, Volker and St{\"o}cker, Tony and Shah, N Jon and Amunts, Katrin and Kircher, Tilo and others},
  journal={Neuropsychologia},
  volume={45},
  number={12},
  pages={2744--2754},
  year={2007},
  publisher={Elsevier}
}
@article{banich2009cognitive,
  title={Cognitive control mechanisms, emotion and memory: a neural perspective with implications for psychopathology},
  author={Banich, Marie T and Mackiewicz, Kristen L and Depue, Brendan E and Whitmer, Anson J and Miller, Gregory A and Heller, Wendy},
  journal={Neuroscience \& Biobehavioral Reviews},
  volume={33},
  number={5},
  pages={613--630},
  year={2009},
  publisher={Elsevier}
}
@article{harmon2003clarifying,
  title={Clarifying the emotive functions of asymmetrical frontal cortical activity},
  author={Harmon-Jones, Eddie},
  journal={Psychophysiology},
  volume={40},
  number={6},
  pages={838--848},
  year={2003},
  publisher={Wiley Online Library}
}
@article{zhai2005search,
  title={In search of effective text input interfaces for off the desktop computing},
  author={Zhai, Shumin and Kristensson, Per-Ola and Smith, Barton A},
  journal={Interacting with computers},
  volume={17},
  number={3},
  pages={229--250},
  year={2005},
  publisher={Oxford University Press}
}
@article{ernst2013prefrontal,
  title={Prefrontal activation patterns of automatic and regulated approach--avoidance reactions--A functional near-infrared spectroscopy (fNIRS) study},
  author={Ernst, Lena H and Plichta, Michael M and Lutz, Elisabeth and Zesewitz, Anna K and Tupak, Sara V and Dresler, Thomas and Ehlis, Ann-Christine and Fallgatter, Andreas J},
  journal={Cortex},
  volume={49},
  number={1},
  pages={131--142},
  year={2013},
  publisher={Elsevier}
}
@book{swartz2014oxygen,
  title={Oxygen Transport to Tissue XXXVI},
  author={Swartz, Harold M and Harrison, David K and Bruley, Duane F},
  year={2014},
  publisher={Springer}
}
@article{backs1994metabolic,
  title={Metabolic and cardiorespiratory measures of mental effort: the effects of level of difficulty in a working memory task},
  author={Backs, Richard W and Seljos, Kimberle A},
  journal={International Journal of psychophysiology},
  volume={16},
  number={1},
  pages={57--68},
  year={1994},
  publisher={Elsevier}
}
@article{ochsner2002rethinking,
  title={Rethinking feelings: an FMRI study of the cognitive regulation of emotion},
  author={Ochsner, Kevin N and Bunge, Silvia A and Gross, James J and Gabrieli, John DE},
  journal={Journal of cognitive neuroscience},
  volume={14},
  number={8},
  pages={1215--1229},
  year={2002},
  publisher={MIT Press}
}
@article{holper2014hemodynamic,
  title={Hemodynamic and affective correlates assessed during performance on the Columbia Card Task (CCT)},
  author={Holper, Lisa and Murphy, Ryan O},
  journal={Brain imaging and behavior},
  volume={8},
  number={4},
  pages={517--530},
  year={2014},
  publisher={Springer}
}
@article{doi2013nirs,
  title={NIRS as a tool for assaying emotional function in the prefrontal cortex},
  author={Doi, Hirokazu and Nishitani, Shota and Shinohara, Kazuyuki},
  journal={Frontiers in human neuroscience},
  volume={7},
  year={2013},
  publisher={Frontiers Media SA}
}
@article{glotzbach2011prefrontal,
  title={Prefrontal brain activation during emotional processing: a functional near infrared spectroscopy study (fNIRS)},
  author={Glotzbach, Evelyn and M{\"u}hlberger, Andreas and Gschwendtner, Kathrin and Fallgatter, Andreas J and Pauli, Paul and Herrmann, Martin J},
  journal={The open neuroimaging journal},
  volume={5},
  pages={33},
  year={2011},
  publisher={Bentham Science Publishers}
}
@article{leon2006differential,
  title={Differential time course and intensity of PFC activation for men and women in response to emotional stimuli: a functional near-infrared spectroscopy (fNIRS) study},
  author={Leon-Carrion, Jose and Damas, Jes{\'u}s and Izzetoglu, Kurtulus and Pourrezai, Kambiz and Mart{\'\i}n-Rodr{\'\i}guez, Juan Francisco and y Martin, Juan Manuel Barroso and Dominguez-Morales, Maria Rosario},
  journal={Neuroscience letters},
  volume={403},
  number={1},
  pages={90--95},
  year={2006},
  publisher={Elsevier}
}
@article{rutkowski2011interactive,
  title={Interactive component extraction from fEEG, fNIRS and peripheral biosignals for affective brain--machine interfacing paradigms},
  author={Rutkowski, Tomasz M and Tanaka, Toshihisa and Cichocki, Andrzej and Erickson, Donna and Cao, Jianting and Mandic, Danilo P},
  journal={Computers in Human Behavior},
  volume={27},
  number={5},
  pages={1512--1518},
  year={2011},
  publisher={Elsevier}
}
@article{yoshida2014brain,
  title={Brain activity during the flow experience: A functional near-infrared spectroscopy study},
  author={Yoshida, Kazuki and Sawamura, Daisuke and Inagaki, Yuji and Ogawa, Keita and Ikoma, Katsunori and Sakai, Shinya},
  journal={Neuroscience letters},
  volume={573},
  pages={30--34},
  year={2014},
  publisher={Elsevier}
}
@article{kreplin2015effects,
  title={Effects of self-directed and other-directed introspection and emotional valence on activation of the rostral prefrontal cortex during aesthetic experience},
  author={Kreplin, Ute and Fairclough, Stephen H},
  journal={Neuropsychologia},
  volume={71},
  pages={38--45},
  year={2015},
  publisher={Elsevier}
}
@article{tak2014statistical,
  title={Statistical analysis of fNIRS data: a comprehensive review},
  author={Tak, Sungho and Ye, Jong Chul},
  journal={Neuroimage},
  volume={85},
  pages={72--91},
  year={2014},
  publisher={Elsevier}
}
@article{hoshi2011recognition,
  title={Recognition of human emotions from cerebral blood flow changes in the frontal region: a study with event-related near-infrared spectroscopy},
  author={Hoshi, Yoko and Huang, Jinghua and Kohri, Shunji and Iguchi, Yoshinobu and Naya, Masayuki and Okamoto, Takahiro and Ono, Shuji},
  journal={Journal of Neuroimaging},
  volume={21},
  number={2},
  pages={e94--e101},
  year={2011},
  publisher={Wiley Online Library}
}
@article{alvarado1997arousal,
  title={Arousal and valence in the direct scaling of emotional response to film clips},
  author={Alvarado, Nancy},
  journal={Motivation and Emotion},
  volume={21},
  number={4},
  pages={323--348},
  year={1997},
  publisher={Springer}
}
@article{ernst2013prefrontal,
  title={Prefrontal activation patterns of automatic and regulated approach--avoidance reactions--A functional near-infrared spectroscopy (fNIRS) study},
  author={Ernst, Lena H and Plichta, Michael M and Lutz, Elisabeth and Zesewitz, Anna K and Tupak, Sara V and Dresler, Thomas and Ehlis, Ann-Christine and Fallgatter, Andreas J},
  journal={Cortex},
  volume={49},
  number={1},
  pages={131--142},
  year={2013},
  publisher={Elsevier}
}
@article{kreplin2013activation,
  title={Activation of the rostromedial prefrontal cortex during the experience of positive emotion in the context of esthetic experience. An fNIRS study},
  author={Kreplin, Ute and Fairclough, Stephen H},
  journal={Frontiers in human neuroscience},
  volume={7},
  year={2013},
  publisher={Frontiers Media SA}
}
@article{DBLP:journals/hf/MatthewsRBA15,
  author    = {Gerald Matthews and
               Lauren Reinerman{-}Jones and
               Daniel J. Barber and
               Julian Abich IV},
  title     = {The Psychometrics of Mental Workload: Multiple Measures Are Sensitive
               but Divergent},
  journal   = {Human Factors},
  volume    = {57},
  number    = {1},
  pages     = {125--143},
  year      = {2015},
  url       = {http://dx.doi.org/10.1177/0018720814539505},
  doi       = {10.1177/0018720814539505},
  timestamp = {Fri, 27 Feb 2015 19:36:47 +0100},
  biburl    = {http://dblp.uni-trier.de/rec/bib/journals/hf/MatthewsRBA15},
  bibsource = {dblp computer science bibliography, http://dblp.org}
}
@article{DBLP:journals/hf/QiuH12,
  author    = {Jing Qiu and
               Rolf Helbig},
  title     = {Body Posture as an Indicator of Workload in Mental Work},
  journal   = {Human Factors},
  volume    = {54},
  number    = {4},
  pages     = {626--635},
  year      = {2012},
  url       = {http://dx.doi.org/10.1177/0018720812437275},
  doi       = {10.1177/0018720812437275},
  timestamp = {Wed, 07 Nov 2012 21:26:58 +0100},
  biburl    = {http://dblp.uni-trier.de/rec/bib/journals/hf/QiuH12},
  bibsource = {dblp computer science bibliography, http://dblp.org}
}
@incollection{
year={2011},
isbn={978-3-642-21851-4},
booktitle={Foundations of Augmented Cognition. Directing the Future of Adaptive Systems},
volume={6780},
series={Lecture Notes in Computer Science},
editor={Schmorrow, DylanD. and Fidopiastis, CaliM.},
doi={10.1007/978-3-642-21852-1_2},
title={Implementation of fNIRS for Monitoring Levels of Expertise and Mental Workload},
url={http://dx.doi.org/10.1007/978-3-642-21852-1_2},
publisher={Springer Berlin Heidelberg},
keywords={Optical Brain Imaging; functional near infrared spectroscopy; mental workload; expertise; practice; fNIR},
author={Bunce, ScottC. and Izzetoglu, Kurtulus and Ayaz, Hasan and Shewokis, Patricia and Izzetoglu, Meltem and Pourrezaei, Kambiz and Onaral, Banu},
pages={13-22},
language={English}
}
@article{pickup2005fundamental,
  title={Fundamental examination of mental workload in the rail industry},
  author={Pickup, Laura and Wilson, John R and Sharpies, Sarah and Norris, Beverley and Clarke, Theresa and Young, Mark S},
  journal={Theoretical issues in ergonomics science},
  volume={6},
  number={6},
  pages={463--482},
  year={2005},
  publisher={Taylor \& Francis}
}
@article{matthews2015psychometrics,
  title={The Psychometrics of Mental Workload Multiple Measures Are Sensitive but Divergent},
  author={Matthews, Gerald and Reinerman-Jones, Lauren E and Barber, Daniel J and Abich, Julian},
  journal={Human Factors: The Journal of the Human Factors and Ergonomics Society},
  volume={57},
  number={1},
  pages={125--143},
  year={2015},
  publisher={Sage Publications}
}
@ARTICLE{17382, 
author={Hancock, P.A. and Chignell, M.H.}, 
journal={Systems, Man and Cybernetics, IEEE Transactions on}, 
title={Mental workload dynamics in adaptive interface design}, 
year={1988}, 
month={July}, 
volume={18}, 
number={4}, 
pages={647-658}, 
keywords={adaptive systems;man-machine systems;psychology;adaptive interface;design;dynamic task reallocation;goal state;isodynamic workload contours;man machine systems;mental workload dynamics;psychology;task performance;total system;Aerodynamics;Computer applications;Computer interfaces;Fluctuations;Human factors;Man machine systems;Safety;Software;Systems engineering and theory}, 
doi={10.1109/21.17382}, 
ISSN={0018-9472},}

@article{isreal1980event,
  title={The event-related brain potential as an index of display-monitoring workload},
  author={Isreal, Jack B and Wickens, Christopher D and Chesney, Gregory L and Donchin, Emanuel},
  journal={Human Factors: The Journal of the Human Factors and Ergonomics Society},
  volume={22},
  number={2},
  pages={211--224},
  year={1980},
  publisher={Sage Publications}
}
@article{just2003neuroindices,
  title={Neuroindices of cognitive workload: Neuroimaging, pupillometric and event-related potential studies of brain work},
  author={Just, Marcel Adam and Carpenter, Patricia A and Miyake, Akira},
  journal={Theoretical Issues in Ergonomics Science},
  volume={4},
  number={1-2},
  pages={56--88},
  year={2003},
  publisher={Taylor \& Francis}
}
@article{norman1975data,
  title={On data-limited and resource-limited processes},
  author={Norman, Donald A and Bobrow, Daniel G},
  journal={Cognitive psychology},
  volume={7},
  number={1},
  pages={44--64},
  year={1975},
  publisher={Elsevier}
}
@inproceedings{longo2012importance,
  title={The Importance of Human Mental Workload in Web Design.},
  author={Longo, Luca and Rusconi, Fabio and Noce, Lucia and Barrett, Stephen},
  booktitle={WEBIST},
  pages={403--409},
  year={2012}
}
@article{wickens-1988,
	title={Information processing},
	author={Wickens, christopher D and Flach, J M},
	journal={Human factors in aviation},
	pages={110--156},
	year={1988},
	publisher={Academic press}
}
@article{broadbent1,
	title={Perception and communications},
	author={Broadbent, D},
	year={1958},
	publisher={Permagon Press, New York}
}
@article{broadbent2,
	title={Decision and stress},
	author={Broadbent, D},
	year={1972},
	publisher={Academic press, New York}
}
@book{neisser,
	title={Cognitive psychology},
	author={Neisser, U},
	year={1967},
	publisher={Prentice-hall}
}
@article{baddeley1974working,
	title={Working memory},
	author={Baddeley, Alan D and Hitch, Graham J},
	journal={The psychology of learning and motivation},
	volume={8},
	pages={47--89},
	year={1974},
	publisher={Academic press New York}
}
@article{baddeley2000episodic,
	title={The episodic buffer: a new component of working memory?},
	author={Baddeley, Alan},
	journal={Trends in cognitive sciences},
	volume={4},
	number={11},
	pages={417--423},
	year={2000},
	publisher={Elsevier}
}
@article{wickens2008multiple,
	title={Multiple resources and mental workload},
	author={Wickens, Christopher D},
	journal={Human Factors: The Journal of the Human Factors and Ergonomics Society},
	volume={50},
	number={3},
	pages={449--455},
	year={2008},
	publisher={Sage Publications}
}
@article{wickens2002multiple,
title={Multiple resources and performance prediction},
author={Wickens, Christopher D},
journal={Theoretical issues in ergonomics science},
volume={3},
number={2},
pages={159--177},
year={2002},
publisher={Taylor \& Francis}
}
@book{nielsen1994usability,
	title={Usability engineering},
	author={Nielsen, Jakob},
	year={1994},
	publisher={Elsevier}
}
@inproceedings{nielsen1990heuristic,
	title={Heuristic evaluation of user interfaces},
	author={Nielsen, Jakob and Molich, Rolf},
	booktitle={Proceedings of the SIGCHI conference on Human factors in computing systems},
	pages={249--256},
	year={1990},
	organization={ACM}
}
@book{shneiderman1992designing,
	title={Designing the user interface: strategies for effective human-computer interaction},
	author={Shneiderman, Ben},
	volume={3},
	pages={60--63},
	year={1992},
	publisher={Addison-Wesley Reading, MA}
}
@article{lazarus1984stress,
	title={Stress},
	author={Lazarus, Richard S and Folkman, Susan},
	journal={Appraisal, and coping},
	volume={725},
	year={1984}
}
@article{robert1997compensatory,
	title={Compensatory control in the regulation of human performance under stress and high workload: A cognitive-energetical framework},
	author={Robert, G and Hockey, J},
	journal={Biological psychology},
	volume={45},
	number={1},
	pages={73--93},
	year={1997},
	publisher={Elsevier}
}
@article{lamm2007neural,
	title={The neural substrate of human empathy: effects of perspective-taking and cognitive appraisal},
	author={Lamm, Claus and Batson, C Daniel and Decety, Jean},
	journal={Cognitive Neuroscience, Journal of},
	volume={19},
	number={1},
	pages={42--58},
	year={2007},
	publisher={MIT Press}
}
@article{folkman1986dynamics,
	title={Dynamics of a stressful encounter: cognitive appraisal, coping, and encounter outcomes.},
	author={Folkman, Susan and Lazarus, Richard S and Dunkel-Schetter, Christine and DeLongis, Anita and Gruen, Rand J},
	journal={Journal of personality and social psychology},
	volume={50},
	number={5},
	pages={992},
	year={1986},
	publisher={American Psychological Association}
}
@article{smith1985patterns,
	title={Patterns of cognitive appraisal in emotion.},
	author={Smith, Craig A and Ellsworth, Phoebe C},
	journal={Journal of personality and social psychology},
	volume={48},
	number={4},
	pages={813},
	year={1985},
	publisher={American Psychological Association}
}
@article{peacock1990stress,
	title={The stress appraisal measure (SAM): A multidimensional approach to cognitive appraisal},
	author={Peacock, Edward J and Wong, Paul TP},
	journal={Stress Medicine},
	volume={6},
	number={3},
	pages={227--236},
	year={1990},
	publisher={Wiley Online Library}
}
@book{2015evaluation,
	title={Evaluation of human work},
	author={Wilson, John R and Sharples, Sarah},
	pages={515--549},
	year={2015},
	publisher={CRC Press}
}
@article{rouse1993modeling,
	title={Modeling the dynamics of mental workload and human performance in complex systems.},
	author={Rouse, William B and Edwards, Sharon L and Hammer, John M},
	journal={IEEE Transactions on Systems, Man, \& Cybernetics},
	year={1993},
	publisher={Institute of Electrical \& Electronics Engineers Inc}
}
@article{norman1975data,
	title={On data-limited and resource-limited processes},
	author={Norman, Donald A and Bobrow, Daniel G},
	journal={Cognitive psychology},
	volume={7},
	number={1},
	pages={44--64},
	year={1975},
	publisher={Elsevier}
}
@techreport{cooper1969use,
	title={The use of pilot rating in the evaluation of aircraft handling qualities},
	author={Cooper, George E and Harper Jr, Robert P},
	year={1969},
	institution={DTIC Document}
}
@inproceedings{wierwille1983validated,
	title={A validated rating scale for global mental workload measurement applications},
	author={Wierwille, Walter W and Casali, John G},
	booktitle={Proceedings of the Human Factors and Ergonomics Society Annual Meeting},
	volume={27},
	number={2},
	pages={129--133},
	year={1983},
	organization={Sage Publications}
}
@article{reid1988subjective,
	title={The subjective workload assessment technique: A scaling procedure for measuring mental workload},
	author={Reid, Gary B and Nygren, Thomas E},
	journal={Advances in psychology},
	volume={52},
	pages={185--218},
	year={1988},
	publisher={Elsevier}
}
@article{nasatlx,
	title={Development of NASA-TLX (Task Load Index): Results of empirical and theoretical research},
	author={Hart, Sandra G and Staveland, Lowell E},
	journal={Advances in psychology},
	volume={52},
	pages={139--183},
	year={1988},
	publisher={Elsevier}
}
@article{tsang1996diagnosticity,
	title={Diagnosticity and multidimensional subjective workload ratings},
	author={Tsang, Pamela S and Velazquez, Velma L},
	journal={Ergonomics},
	volume={39},
	number={3},
	pages={358--381},
	year={1996},
	publisher={Taylor \& Francis}
}
@inproceedings{byers1988workload,
	title={Workload assessment of a remotely piloted vehicle (RPV) system},
	author={Byers, James C and Bittner, Alvah C and Hill, Susan G and Zaklad, Allen L and Christ, Richard E},
	booktitle={Proceedings of the Human Factors and Ergonomics Society Annual Meeting},
	volume={32},
	number={17},
	pages={1145--1149},
	year={1988},
	organization={SAGE Publications}
}
@techreport{cain2007review,
	title={A review of the mental workload literature},
	author={Cain, Brad},
	year={2007},
	institution={DTIC Document}
}
@inproceedings{haapalainen2010psycho,
	title={Psycho-physiological measures for assessing cognitive load},
	author={Haapalainen, Eija and Kim, SeungJun and Forlizzi, Jodi F and Dey, Anind K},
	booktitle={Proceedings of the 12th ACM international conference on Ubiquitous computing},
	pages={301--310},
	year={2010},
	organization={ACM}
}
@article{billman2011heart,
	title={Heart rate variability--a historical perspective},
	author={Billman, George E},
	journal={Frontiers in physiology},
	volume={2},
	year={2011},
	publisher={Frontiers Media SA}
}
@book{kahneman1973attention,
	title={Attention and effort},
	author={Kahneman, Daniel},
	year={1973},
	publisher={Citeseer}
}
@article{beatty1982task,
	title={Task-evoked pupillary responses, processing load, and the structure of processing resources.},
	author={Beatty, Jackson},
	journal={Psychological bulletin},
	volume={91},
	number={2},
	pages={276},
	year={1982},
	publisher={American Psychological Association}
}
@article{casali1983comparison,
	title={A comparison of rating scale, secondary-task, physiological, and primary-task workload estimation techniques in a simulated flight task emphasizing communications load},
	author={Casali, John G and Wierwille, Walter W},
	journal={Human Factors: The Journal of the Human Factors and Ergonomics Society},
	volume={25},
	number={6},
	pages={623--641},
	year={1983},
	publisher={Sage Publications}
}
@article{miller1956magical,
	title={The magical number seven, plus or minus two: some limits on our capacity for processing information.},
	author={Miller, George A},
	journal={Psychological review},
	volume={63},
	number={2},
	pages={81},
	year={1956},
	publisher={American Psychological Association}
}
@book{jarrett2009forms,
	title={Forms that work: Designing Web forms for usability},
	author={Jarrett, Caroline and Gaffney, Gerry},
	year={2009},
	publisher={Morgan Kaufmann}
}
@book{wroblewski2008web,
	title={Web form design: filling in the blanks},
	author={Wroblewski, Luke},
	year={2008},
	publisher={Rosenfeld Media}
}
@article{ye2009nirs,
	title={NIRS-SPM: statistical parametric mapping for near-infrared spectroscopy},
	author={Ye, Jong Chul and Tak, Sungho and Jang, Kwang Eun and Jung, Jinwook and Jang, Jaeduck},
	journal={Neuroimage},
	volume={44},
	number={2},
	pages={428--447},
	year={2009},
	publisher={Elsevier}
}
@article{belk2013modeling,
	title={Modeling users on the World Wide Web based on cognitive factors, navigation behavior and clustering techniques},
	author={Belk, Marios and Papatheocharous, Efi and Germanakos, Panagiotis and Samaras, George},
	journal={Journal of Systems and Software},
	volume={86},
	number={12},
	pages={2995--3012},
	year={2013},
	publisher={Elsevier}
}
@article{chen2008integrated,
	title={An integrated approach for modeling learning patterns of students in web-based instruction: A cognitive style perspective},
	author={Chen, Sherry Y and Liu, Xiaohui},
	journal={ACM Transactions on Computer-Human Interaction (TOCHI)},
	volume={15},
	number={1},
	pages={1},
	year={2008},
	publisher={ACM}
}
@inproceedings{mendoza2005usability,
	title={Usability over time},
	author={Mendoza, Valerie and Novick, David G},
	booktitle={Proceedings of the 23rd annual international conference on Design of communication: documenting \& designing for pervasive information},
	pages={151--158},
	year={2005},
	organization={ACM}
}
@article{bessiere2004social,
	title={Social and psychological influences on computer user frustration},
	author={Bessiere, Katie and Ceaparu, Irina and Lazar, Jonathan and Robinson, John and Shneiderman, Ben},
	journal={Media access: Social and psychological dimensions of new technology use},
	pages={169--192},
	year={2004},
	publisher={Lawrence Erlbaum Associates Mahwah, NJ}
}
@article{sayago2012selective,
	title={Selective attention in web forms: an exploratory case study with older people},
	author={Sayago, Sergio and Guijarro, Jos{\'e}-Mar{\'\i}a and Blat, Josep},
	journal={Behaviour \& Information Technology},
	volume={31},
	number={2},
	pages={171--184},
	year={2012},
	publisher={Taylor \& Francis}
}
@inproceedings{chadwick2003web,
	title={Web usability and age: how design changes can improve performance},
	author={Chadwick-Dias, Ann and McNulty, Michelle and Tullis, Tom},
	booktitle={ACM SIGCAPH Computers and the Physically Handicapped},
	number={73-74},
	pages={30--37},
	year={2003},
	organization={ACM}
}
@inproceedings{lines2006online,
	title={Online form design for older adults: Introducing web-automated personalisation},
	author={Lines, Lorna and Ikechi, Oluchi and Hone, K and Elliman, Tony},
	booktitle={Proceedings of HCI, the Web and the Older Population, workshop at HCI 2006},
	year={2006}
}
@inproceedings{sayago2007some,
	title={Some Aspects of Designing Accessible Online Forms for the Young Elderly.},
	author={Sayago, Sergio and Blat, Josep},
	booktitle={WEBIST (2)},
	pages={13--17},
	year={2007}
}
@article{Wastlund20081229,
	title = "The effect of page layout on mental workload: A dual-task experiment ",
	journal = "Computers in Human Behavior ",
	volume = "24",
	number = "3",
	pages = "1229 - 1245",
	year = "2008",
	note = "Instructional Support for Enhancing Students' Information Problem Solving Ability ",
	issn = "0747-5632",
	doi = "http://dx.doi.org/10.1016/j.chb.2007.05.001",
	url = "http://www.sciencedirect.com/science/article/pii/S0747563207000891",
	author = "Erik WÃ¤stlund and Torsten Norlander and Trevor Archer",
	keywords = "Working memory",
	keywords = "Dual-task",
	keywords = "Mental workload",
	keywords = "Information processing",
	keywords = "Reading",
	keywords = "Page layout "
}
@article{norman1986user,
	title={User centered system design},
	author={Norman, Donald A and Draper, Stephen W},
	journal={Hillsdale, NJ},
	year={1986}
}
@article{nielsen1994measuring,
	title={Measuring usability: preference vs. performance},
	author={Nielsen, Jakob and Levy, Jonathan},
	journal={Communications of the ACM},
	volume={37},
	number={4},
	pages={66--75},
	year={1994},
	publisher={ACM}
}
@article{maior2015examining,
	title={Examining the reliability of using fNIRS in realistic hci settings for spatial and verbal tasks},
	author={Maior, H and Pike, Matthew and Sharples, Sarah and Wilson, Max L},
	journal={Proceedings of CHI},
	volume={15},
	pages={3807--3816},
	year={2015}
}
@inproceedings{pike2014measuring,
	title={Measuring the Effect of Think Aloud Protocols on Workload using fNIRS},
	author={Pike, Matthew and Maior, Horia A and Porcheron, Martin and Sharples, Sarah and Wilson, Max L},
	booktitle={ACMCHI},
	year={2014}
}
@article{maior2014continuous,
	title={Continuous detection of workload overload: An fnirs approach},
	author={Maior, Horia A and Pike, Matthew and Wilson, Max L and Sharples, Sarah},
	journal={Contemporary Ergonomics and Human Factors 2014: Proceedings of the international conference on Ergonomics \& Human Factors 2014, Southampton, UK, 7-10 April 2014},
	pages={450},
	year={2014},
	publisher={CRC Press}
}
@article{cope1988system,
	title={System for long-term measurement of cerebral blood and tissue oxygenation on newborn infants by near infra-red transillumination},
	author={Cope, M and Delpy, David T},
	journal={Medical and Biological Engineering and Computing},
	volume={26},
	number={3},
	pages={289--294},
	year={1988},
	publisher={Springer}
}
@article{cui2010functional,
	title={Functional near infrared spectroscopy (NIRS) signal improvement based on negative correlation between oxygenated and deoxygenated hemoglobin dynamics},
	author={Cui, Xu and Bray, Signe and Reiss, Allan L},
	journal={Neuroimage},
	volume={49},
	number={4},
	pages={3039--3046},
	year={2010},
	publisher={Elsevier}
}
@article{rogers2007interaction,
	title={Interaction design: beyond human-computer interaction},
	author={Rogers, Yvonne and Sharp, Helen and Preece, Jenny and Tepper, Michele},
	journal={netWorker: The Craft of Network Computing},
	volume={11},
	number={4},
	pages={34},
	year={2007}
}
@article{norman2002emotion,
	title={Emotion \& design: attractive things work better},
	author={Norman, Don},
	journal={interactions},
	volume={9},
	number={4},
	pages={36--42},
	year={2002},
	publisher={ACM}
}
@article{delpy1988estimation,
	title={Estimation of optical pathlength through tissue from direct time of flight measurement},
	author={Delpy, David T and Cope, Mark and van der Zee, Pieter and Arridge, SR and Wray, Susan and Wyatt, JS},
	journal={Physics in medicine and biology},
	volume={33},
	number={12},
	pages={1433},
	year={1988},
	publisher={IOP Publishing}
}
@article{scholkmann2014review,
	title={A review on continuous wave functional near-infrared spectroscopy and imaging instrumentation and methodology},
	author={Scholkmann, Felix and Kleiser, Stefan and Metz, Andreas Jaakko and Zimmermann, Raphael and Pavia, Juan Mata and Wolf, Ursula and Wolf, Martin},
	journal={Neuroimage},
	volume={85},
	pages={6--27},
	year={2014},
	publisher={Elsevier}
}
@inproceedings{solovey2009using,
	title={Using fNIRS brain sensing in realistic HCI settings: experiments and guidelines},
	author={Solovey, Erin Treacy and Girouard, Audrey and Chauncey, Krysta and Hirshfield, Leanne M and Sassaroli, Angelo and Zheng, Feng and Fantini, Sergio and Jacob, Robert JK},
	booktitle={Proceedings of the 22nd annual ACM symposium on User interface software and technology},
	pages={157--166},
	year={2009},
	organization={ACM}
}
@article{kawashima2004functional,
	title={A functional MRI study of simple arithmeticâ€”a comparison between children and adults},
	author={Kawashima, Ryuta and Taira, Masato and Okita, Katsuo and Inoue, Kentaro and Tajima, Nobumoto and Yoshida, Hajime and Sasaki, Takeo and Sugiura, Motoaki and Watanabe, Job and Fukuda, Hiroshi},
	journal={Cognitive Brain Research},
	volume={18},
	number={3},
	pages={227--233},
	year={2004},
	publisher={Elsevier}
}
@article{phan2002functional,
	title={Functional neuroanatomy of emotion: a meta-analysis of emotion activation studies in PET and fMRI},
	author={Phan, K Luan and Wager, Tor and Taylor, Stephan F and Liberzon, Israel},
	journal={Neuroimage},
	volume={16},
	number={2},
	pages={331--348},
	year={2002},
	publisher={Elsevier}
}
@article{brattico2011functional,
	title={A functional MRI study of happy and sad emotions in music with and without lyrics},
	author={Brattico, Elvira and Alluri, Vinoo and Bogert, Brigitte and Jacobsen, Thomas and Vartiainen, Nuutti and Nieminen, Sirke and Tervaniemi, Mari},
	journal={Frontiers in psychology},
	volume={2},
	year={2011},
	publisher={Frontiers Media SA}
}
@article{huppert2006temporal,
	title={A temporal comparison of BOLD, ASL, and NIRS hemodynamic responses to motor stimuli in adult humans},
	author={Huppert, TJ and Hoge, RD and Diamond, SG and Franceschini, Maria Angela and Boas, David A},
	journal={Neuroimage},
	volume={29},
	number={2},
	pages={368--382},
	year={2006},
	publisher={Elsevier}
}
@article{izard2007basic,
	title={Basic emotions, natural kinds, emotion schemas, and a new paradigm},
	author={Izard, Carroll E},
	journal={Perspectives on psychological science},
	volume={2},
	number={3},
	pages={260--280},
	year={2007},
	publisher={SAGE Publications}
}
@article{feldman1998independence,
	title={Independence and bipolarity in the structure of current affect.},
	author={Feldman Barrett, Lisa and Russell, James A},
	journal={Journal of personality and social psychology},
	volume={74},
	number={4},
	pages={967},
	year={1998},
	publisher={American Psychological Association}
}
@book{fox2008emotion,
	title={Emotion science cognitive and neuroscientific approaches to understanding human emotions},
	author={Fox, Elaine},
	year={2008},
	publisher={Palgrave Macmillan}
}
@article{smith2009putting,
	title={Putting appraisal in context: Toward a relational model of appraisal and emotion},
	author={Smith, Craig A and Kirby, Leslie D},
	journal={Cognition and Emotion},
	volume={23},
	number={7},
	pages={1352--1372},
	year={2009},
	publisher={Taylor \& Francis}
}
@article{blanchette2010influence,
title={The influence of affect on higher level cognition: A review of research on interpretation, judgement, decision making and reasoning},
author={Blanchette, Isabelle and Richards, Anne},
journal={Cognition \& Emotion},
volume={24},
number={4},
pages={561--595},
year={2010},
publisher={Taylor \& Francis}
}
@article{easterbrook1959effect,
	title={The effect of emotion on cue utilization and the organization of behavior.},
	author={Easterbrook, James A},
	journal={Psychological review},
	volume={66},
	number={3},
	pages={183},
	year={1959},
	publisher={American Psychological Association}
}
@article{eriksen1986visual,
	title={Visual attention within and around the field of focal attention: A zoom lens model},
	author={Eriksen, Charles W and James, James D St},
	journal={Perception \& psychophysics},
	volume={40},
	number={4},
	pages={225--240},
	year={1986},
	publisher={Springer}
}
@article{harmon2011toward,
	title={Toward an understanding of the influence of affective states on attentional tuning: Comment on Friedman and F{\"o}rster (2010).},
	author={Harmon-Jones, Eddie and Gable, Philip A and Price, Tom F},
	year={2011},
	publisher={American Psychological Association}
}
@article{bradley1994measuring,
title={Measuring emotion: the self-assessment manikin and the semantic differential},
author={Bradley, Margaret M and Lang, Peter J},
journal={Journal of behavior therapy and experimental psychiatry},
volume={25},
number={1},
pages={49--59},
year={1994},
publisher={Elsevier}
}
@article{krumhansl1997exploratory,
	title={An exploratory study of musical emotions and psychophysiology.},
	author={Krumhansl, Carol L},
	journal={Canadian Journal of Experimental Psychology/Revue canadienne de psychologie exp{\'e}rimentale},
	volume={51},
	number={4},
	pages={336},
	year={1997},
	publisher={Canadian Psychological Association}
}
@book{shallice1988neuropsychology,
	title={From neuropsychology to mental structure},
	author={Shallice, Tim},
	year={1988},
	publisher={Cambridge University Press}
}
@article{smith1997working,
	title={Working memory: A view from neuroimaging},
	author={Smith, Edward E and Jonides, John},
	journal={Cognitive psychology},
	volume={33},
	number={1},
	pages={5--42},
	year={1997},
	publisher={Elsevier}
}
@article{braver1997parametric,
	title={A parametric study of prefrontal cortex involvement in human working memory},
	author={Braver, Todd S and Cohen, Jonathan D and Nystrom, Leigh E and Jonides, John and Smith, Edward E and Noll, Douglas C},
	journal={Neuroimage},
	volume={5},
	number={1},
	pages={49--62},
	year={1997},
	publisher={Elsevier}
}
@article{yarkoni2011large,
	title={Large-scale automated synthesis of human functional neuroimaging data},
	author={Yarkoni, Tal and Poldrack, Russell A and Nichols, Thomas E and Van Essen, David C and Wager, Tor D},
	journal={Nature methods},
	volume={8},
	number={8},
	pages={665--670},
	year={2011},
	publisher={Nature Publishing Group}
}
@article{brown2012common,
	title={Common ground for behavioural and neuroimaging research},
	author={Brown, Scott D},
	journal={Australian journal of psychology},
	volume={64},
	number={1},
	pages={4--10},
	year={2012},
	publisher={Wiley Online Library}
}
@article{thompson2001genetic,
	title={Genetic influences on brain structure},
	author={Thompson, Paul M and Cannon, Tyrone D and Narr, Katherine L and Van Erp, Theo and Poutanen, Veli-Pekka and Huttunen, Matti and L{\"o}nnqvist, Jouko and Standertskj{\"o}ld-Nordenstam, Carl-Gustaf and Kaprio, Jaakko and Khaledy, Mohammad and others},
	journal={Nature neuroscience},
	volume={4},
	number={12},
	pages={1253--1258},
	year={2001},
	publisher={Nature Publishing Group}
}
@article{cosgrove2007evolving,
	title={Evolving knowledge of sex differences in brain structure, function, and chemistry},
	author={Cosgrove, Kelly P and Mazure, Carolyn M and Staley, Julie K},
	journal={Biological psychiatry},
	volume={62},
	number={8},
	pages={847--855},
	year={2007},
	publisher={Elsevier}
}
@article{balconi2012detection,
	title={Detection of the facial expression of emotion and self-report measures in empathic situations are influenced by sensorimotor circuit inhibition by low-frequency rTMS},
	author={Balconi, Michela and Bortolotti, Adriana},
	journal={Brain Stimulation},
	volume={5},
	number={3},
	pages={330--336},
	year={2012},
	publisher={Elsevier}
}
@article{davidson2002anxiety,
	title={Anxiety and affective style: role of prefrontal cortex and amygdala},
	author={Davidson, Richard J},
	journal={Biological psychiatry},
	volume={51},
	number={1},
	pages={68--80},
	year={2002},
	publisher={Elsevier}
}
@article{damasio1996somatic,
	title={The somatic marker hypothesis and the possible functions of the prefrontal cortex [and discussion]},
	author={Damasio, Antonio R and Everitt, BJ and Bishop, D},
	journal={Philosophical Transactions of the Royal Society B: Biological Sciences},
	volume={351},
	number={1346},
	pages={1413--1420},
	year={1996},
	publisher={The Royal Society}
}
@article{watson1988development,
	title={Development and validation of brief measures of positive and negative affect: the PANAS scales.},
	author={Watson, David and Clark, Lee A and Tellegen, Auke},
	journal={Journal of personality and social psychology},
	volume={54},
	number={6},
	pages={1063},
	year={1988},
	publisher={American Psychological Association}
}
@article{rolls2000orbitofrontal,
	title={The orbitofrontal cortex and reward},
	author={Rolls, Edmund T},
	journal={Cerebral cortex},
	volume={10},
	number={3},
	pages={284--294},
	year={2000},
	publisher={Oxford Univ Press}
}
@article{cui2011quantitative,
	title={A quantitative comparison of NIRS and fMRI across multiple cognitive tasks},
	author={Cui, Xu and Bray, Signe and Bryant, Daniel M and Glover, Gary H and Reiss, Allan L},
	journal={Neuroimage},
	volume={54},
	number={4},
	pages={2808--2821},
	year={2011},
	publisher={Elsevier}
}
@article{virzi1992refining,
	title={Refining the test phase of usability evaluation: how many subjects is enough?},
	author={Virzi, Robert A},
	journal={Human Factors: The Journal of the Human Factors and Ergonomics Society},
	volume={34},
	number={4},
	pages={457--468},
	year={1992},
	publisher={SAGE Publications}
}
@article{durantin2014using,
	title={Using near infrared spectroscopy and heart rate variability to detect mental overload},
	author={Durantin, Gautier and Gagnon, J-F and Tremblay, S{\'e}bastien and Dehais, Fr{\'e}d{\'e}ric},
	journal={Behavioural brain research},
	volume={259},
	pages={16--23},
	year={2014},
	publisher={Elsevier}
}
@article{izzetoglu2004functional,
	title={Functional optical brain imaging using near-infrared during cognitive tasks},
	author={Izzetoglu, Kurtulus and Bunce, Scott and Onaral, Banu and Pourrezaei, Kambiz and Chance, Britton},
	journal={International Journal of human-computer interaction},
	volume={17},
	number={2},
	pages={211--227},
	year={2004},
	publisher={Taylor \& Francis}
}
@article{ayaz2012optical,
	title={Optical brain monitoring for operator training and mental workload assessment},
	author={Ayaz, Hasan and Shewokis, Patricia A and Bunce, Scott and Izzetoglu, Kurtulus and Willems, Ben and Onaral, Banu},
	journal={Neuroimage},
	volume={59},
	number={1},
	pages={36--47},
	year={2012},
	publisher={Elsevier}
}
@incollection{bunce2011implementation,
	title={Implementation of fNIRS for monitoring levels of expertise and mental workload},
	author={Bunce, Scott C and Izzetoglu, Kurtulus and Ayaz, Hasan and Shewokis, Patricia and Izzetoglu, Meltem and Pourrezaei, Kambiz and Onaral, Banu},
	booktitle={Foundations of augmented cognition. Directing the future of adaptive systems},
	pages={13--22},
	year={2011},
	publisher={Springer}
}
@article{parasuraman2005neural,
	title={Neural and genetic assays of human mental workload},
	author={Parasuraman, R and Caggiano, D},
	journal={Quantifying human information processing},
	pages={123--149},
	year={2005}
}
@article{hirth1996non,
	title={Non-invasive functional mapping of the human motor cortex using near-infrared spectroscopy.},
	author={Hirth, Christina and Obrig, Hellmuth and Villringer, Kersten and Thiel, Andeas and Bernarding, Johannes and M{\"u}hlnickel, Werner and Flor, Herta and Dirnagl, Ulrich and Villringer, Arno},
	journal={Neuroreport},
	volume={7},
	number={12},
	pages={1977--1981},
	year={1996},
	publisher={LWW}
}
@article{plichta2011auditory,
	title={Auditory cortex activation is modulated by emotion: a functional near-infrared spectroscopy (fNIRS) study},
	author={Plichta, Michael M and Gerdes, Antje BM and Alpers, GW and Harnisch, W and Brill, S and Wieser, MJ and Fallgatter, Andreas J},
	journal={Neuroimage},
	volume={55},
	number={3},
	pages={1200--1207},
	year={2011},
	publisher={Elsevier}
}
@article{naseer2014online,
	title={Online binary decision decoding using functional near-infrared spectroscopy for the development of brain--computer interface},
	author={Naseer, Noman and Hong, Melissa Jiyoun and Hong, Keum-Shik},
	journal={Experimental brain research},
	volume={232},
	number={2},
	pages={555--564},
	year={2014},
	publisher={Springer}
}
@article{plichta2006event,
	title={Event-related functional near-infrared spectroscopy (fNIRS): are the measurements reliable?},
	author={Plichta, MM and Herrmann, MJ and Baehne, CG and Ehlis, A-C and Richter, MM and Pauli, P and Fallgatter, AJ},
	journal={Neuroimage},
	volume={31},
	number={1},
	pages={116--124},
	year={2006},
	publisher={Elsevier}
}
@article{casasanto2009embodiment,
	title={Embodiment of abstract concepts: good and bad in right-and left-handers.},
	author={Casasanto, Daniel},
	journal={Journal of Experimental Psychology: General},
	volume={138},
	number={3},
	pages={351},
	year={2009},
	publisher={American Psychological Association}
}
@article{lang1997international,
	title={International affective picture system (IAPS): Technical manual and affective ratings},
	author={Lang, Peter J and Bradley, Margaret M and Cuthbert, Bruce N},
	journal={NIMH Center for the Study of Emotion and Attention},
	pages={39--58},
	year={1997}
}
@article{balconi2015hemodynamic,
	title={What hemodynamic (fNIRS), electrophysiological (EEG) and autonomic integrated measures can tell us about emotional processing},
	author={Balconi, Michela and Grippa, Elisabetta and Vanutelli, Maria Elide},
	journal={Brain and cognition},
	volume={95},
	pages={67--76},
	year={2015},
	publisher={Elsevier}
}
@inproceedings{hart2006nasa,
	title={NASA-task load index (NASA-TLX); 20 years later},
	author={Hart, Sandra G},
	booktitle={Proceedings of the human factors and ergonomics society annual meeting},
	volume={50},
	number={9},
	pages={904--908},
	year={2006},
	organization={Sage Publications}
}
@misc{fraps,
	title  = "FRAPS game capture video recorder fps viewer",
	author = "Beepa Pty Ltd",
	howpublished   = "\url{http://www.fraps.com/}",
	year   = "2004 (accessed July 13, 2015)"
}
@article{ayazfunctional,
	title={Functional Near Infrared Spectroscopy based Brain Computer Interface},
	author={Ayaz, Hasan},
	year={2010},
	journal={PhD Thesis, Drexel University, Philadelphia, PA}
}